Automatically generated by Mendeley Desktop 1.19.4
Any changes to this file will be lost if it is regenerated by Mendeley.

BibTeX export options can be customized via Preferences -> BibTeX in Mendeley Desktop

@incollection{Cheng2008,
author = {Cheng, N. and Yao, Hsin-lei and Reid, Lola M.},
booktitle = {Principles of Regenerative Medicine},
doi = {10.1016/B978-012369410-2.50022-X},
publisher = {Elsevier},
title = {{Hepatic Stem Cells: Lineage Biology and Pluripotency}},
year = {2008}
}
