Automatically generated by Mendeley Desktop 1.19.4
Any changes to this file will be lost if it is regenerated by Mendeley.

BibTeX export options can be customized via Preferences -> BibTeX in Mendeley Desktop

@misc{William,
author = {Shiel, William C.},
booktitle = {MedicineNet},
title = {{Medical Definition of Human pluripotent stem cell}},
url = {https://www.medicinenet.com/physical_exam_why_does_your_doctor_do_that/article.htm},
year = {2020}
}
@misc{DifferenceBetween,
author = {DifferenceBetween.com},
title = {{Difference Between Pluripotent and Totipotent | Compare the Difference Between Similar Terms}},
url = {https://www.differencebetween.com/difference-between-pluripotent-and-totipotent/},
urldate = {2020-11-14},
year = {2013}
}
@misc{YvetteBrazier2018,
abstract = {Stem cells are basic cells that can become almost any type of cell in the body. Human stem cells can come from an embryo or an adult human. They have many possible uses in science and medicine, yet controversy surrounds them.},
author = {Brazier, Yvette},
language = {en},
month = {oct},
shorttitle = {Stem cells},
title = {{Stem cells: Sources, types, and uses}},
url = {https://www.medicalnewstoday.com/articles/323343},
year = {2018}
}
@misc{NationalInstitutesofHealth,
author = {{National Institutes of Health}},
title = {{II. What are the unique properties of all stem cells? stemcells.nih.gov}},
url = {https://stemcells.nih.gov/info/basics/II.htm}
}
@incollection{Cheng2008,
author = {Cheng, N. and Yao, Hsin-lei and Reid, Lola M.},
booktitle = {Principles of Regenerative Medicine},
doi = {10.1016/B978-012369410-2.50022-X},
publisher = {Elsevier},
title = {{Hepatic Stem Cells: Lineage Biology and Pluripotency}},
year = {2008}
}
@misc{IanMurnaghan,
abstract = {Multipotent stem cells are a specialized cell type that is produced from pluripotent stem cells. They are found in adult tissues where they function to replenish damaged cells.},
author = {Murnaghan, Ian},
title = {{Multipotent Stem Cells}},
url = {http://www.explorestemcells.co.uk/MultipotentStemCells.html}
}
