Automatically generated by Mendeley Desktop 1.19.4
Any changes to this file will be lost if it is regenerated by Mendeley.

BibTeX export options can be customized via Preferences -> BibTeX in Mendeley Desktop

@article{schreiber2012assessment,
author = {Schreiber, Ulrich and Klughammer, Christof and Kolbowski, J{\"{o}}rg},
journal = {Photosynthesis Research},
number = {1},
pages = {127--144},
title = {{Assessment of wavelength-dependent parameters of photosynthetic electron transport with a new type of multi-color PAM chlorophyll fluorometer}},
volume = {113},
year = {2012}
}
@article{Johkan2012,
author = {Johkan, M. and Shoji, K. and Goto, F. and Hahida, S. and Yoshihara, T.},
doi = {10.1016/j.envexpbot.2011.08.010},
issn = {00988472},
journal = {Environmental and Experimental Botany},
month = {jan},
pages = {128--133},
title = {{Effect of green light wavelength and intensity on photomorphogenesis and photosynthesis in Lactuca sativa}},
url = {https://linkinghub.elsevier.com/retrieve/pii/S0098847211001924},
volume = {75},
year = {2012}
}
@misc{chuang2009photovoltaic,
author = {Chuang, Mei-Chen and Chung, Cheng},
title = {{Photovoltaic greenhouse structure}},
year = {2009}
}
